% TODO: add item for routingBook url=https://web.eecs.umich.edu/~mazum/ClassDescriptions/Routing.pdf
% TODO: add item for mikamiPresent url=http://www.facweb.iitkgp.ac.in/~isg/VLSI/SLIDES/Grid-Routing.pdf